@ARTICLE{wotan,
       author = {{Hippke}, Michael and {David}, Trevor J. and {Mulders}, Gijs D. and {Heller}, Ren{\'e}},
        title = "{W{\={o}}tan: Comprehensive Time-series Detrending in Python}",
      journal = {\aj},
     keywords = {eclipses, methods: data analysis, methods: statistical, planetary systems, planets and satellites: detection, Astrophysics - Earth and Planetary Astrophysics, Astrophysics - Instrumentation and Methods for Astrophysics},
         year = 2019,
        month = oct,
       volume = {158},
       number = {4},
          eid = {143},
        pages = {143},
          doi = {10.3847/1538-3881/ab3984},
archivePrefix = {arXiv},
       eprint = {1906.00966},
 primaryClass = {astro-ph.EP},
       adsurl = {https://ui.adsabs.harvard.edu/abs/2019AJ....158..143H},
      adsnote = {Provided by the SAO/NASA Astrophysics Data System}
}

@ARTICLE{kovacs2016,
       author = {{Kov{\'a}cs}, G{\'e}za and {Hartman}, Joel D. and {Bakos}, G{\'a}sp{\'a}r {\'A}.},
        title = "{Periodic transit and variability search with simultaneous systematics filtering: Is it worth it?}",
      journal = {\aap},
     keywords = {methods: data analysis, methods: numerical, methods: statistical, stars: variables: general, Astrophysics - Instrumentation and Methods for Astrophysics},
         year = 2016,
        month = jan,
       volume = {585},
          eid = {A57},
        pages = {A57},
          doi = {10.1051/0004-6361/201527124},
archivePrefix = {arXiv},
       eprint = {1510.05133},
 primaryClass = {astro-ph.IM},
       adsurl = {https://ui.adsabs.harvard.edu/abs/2016A&A...585A..57K},
      adsnote = {Provided by the SAO/NASA Astrophysics Data System}
}
@ARTICLE{foreman2016,
       author = {{Foreman-Mackey}, Daniel and {Montet}, Benjamin T. and {Hogg}, David W. and {Morton}, Timothy D. and {Wang}, Dun and {Sch{\"o}lkopf}, Bernhard},
        title = "{A Systematic Search for Transiting Planets in the K2 Data}",
      journal = {\apj},
     keywords = {catalogs, methods: data analysis, methods: statistical, planetary systems, stars: statistics, Astrophysics - Earth and Planetary Astrophysics, Astrophysics - Instrumentation and Methods for Astrophysics},
         year = 2015,
        month = jun,
       volume = {806},
       number = {2},
          eid = {215},
        pages = {215},
          doi = {10.1088/0004-637X/806/2/215},
archivePrefix = {arXiv},
       eprint = {1502.04715},
 primaryClass = {astro-ph.EP},
       adsurl = {https://ui.adsabs.harvard.edu/abs/2015ApJ...806..215F},
      adsnote = {Provided by the SAO/NASA Astrophysics Data System}
}

@ARTICLE{pont2006,
       author = {{Pont}, Fr{\'e}d{\'e}ric and {Zucker}, Shay and {Queloz}, Didier},
        title = "{The effect of red noise on planetary transit detection}",
      journal = {\mnras},
     keywords = {methods: data analysis, methods: statistical, techniques: photometric, surveys, planetary systems, Astrophysics},
         year = 2006,
        month = nov,
       volume = {373},
       number = {1},
        pages = {231-242},
          doi = {10.1111/j.1365-2966.2006.11012.x},
archivePrefix = {arXiv},
       eprint = {astro-ph/0608597},
 primaryClass = {astro-ph},
       adsurl = {https://ui.adsabs.harvard.edu/abs/2006MNRAS.373..231P},
      adsnote = {Provided by the SAO/NASA Astrophysics Data System}
}

@ARTICLE{everest1,
       author = {{Luger}, Rodrigo and {Agol}, Eric and {Kruse}, Ethan and {Barnes}, Rory and {Becker}, Andrew and {Foreman-Mackey}, Daniel and {Deming}, Drake},
        title = "{EVEREST: Pixel Level Decorrelation of K2 Light Curves}",
      journal = {\aj},
     keywords = {catalogs, planets and satellites: detection, techniques: photometric, Astrophysics - Earth and Planetary Astrophysics},
         year = 2016,
        month = oct,
       volume = {152},
       number = {4},
          eid = {100},
        pages = {100},
          doi = {10.3847/0004-6256/152/4/100},
archivePrefix = {arXiv},
       eprint = {1607.00524},
 primaryClass = {astro-ph.EP},
       adsurl = {https://ui.adsabs.harvard.edu/abs/2016AJ....152..100L},
      adsnote = {Provided by the SAO/NASA Astrophysics Data System}
}

@ARTICLE{everest2,
       author = {{Luger}, Rodrigo and {Kruse}, Ethan and {Foreman-Mackey}, Daniel and {Agol}, Eric and {Saunders}, Nicholas},
        title = "{An Update to the EVEREST K2 Pipeline: Short Cadence, Saturated Stars, and Kepler-like Photometry Down to Kp = 15}",
      journal = {\aj},
     keywords = {catalogs, planets and satellites: detection, techniques: photometric, Astrophysics - Instrumentation and Methods for Astrophysics, Astrophysics - Earth and Planetary Astrophysics},
         year = 2018,
        month = sep,
       volume = {156},
       number = {3},
          eid = {99},
        pages = {99},
          doi = {10.3847/1538-3881/aad230},
archivePrefix = {arXiv},
       eprint = {1702.05488},
 primaryClass = {astro-ph.IM},
       adsurl = {https://ui.adsabs.harvard.edu/abs/2018AJ....156...99L},
      adsnote = {Provided by the SAO/NASA Astrophysics Data System}
}


@ARTICLE{tfa,
       author = {{Kov{\'a}cs}, G{\'e}za and {Bakos}, G{\'a}sp{\'a}r and {Noyes}, Robert W.},
        title = "{A trend filtering algorithm for wide-field variability surveys}",
      journal = {\mnras},
     keywords = {methods: data analysis, surveys, planetary systems, stars: variables: other, Astrophysics},
         year = 2005,
        month = jan,
       volume = {356},
       number = {2},
        pages = {557-567},
          doi = {10.1111/j.1365-2966.2004.08479.x},
archivePrefix = {arXiv},
       eprint = {astro-ph/0411724},
 primaryClass = {astro-ph},
       adsurl = {https://ui.adsabs.harvard.edu/abs/2005MNRAS.356..557K},
      adsnote = {Provided by the SAO/NASA Astrophysics Data System}
}

@ARTICLE{pld,
       author = {{Deming}, Drake and {Knutson}, Heather and {Kammer}, Joshua and {Fulton}, Benjamin J. and {Ingalls}, James and {Carey}, Sean and {Burrows}, Adam and {Fortney}, Jonathan J. and {Todorov}, Kamen and {Agol}, Eric and {Cowan}, Nicolas and {Desert}, Jean-Michel and {Fraine}, Jonathan and {Langton}, Jonathan and {Morley}, Caroline and {Showman}, Adam P.},
        title = "{Spitzer Secondary Eclipses of the Dense, Modestly-irradiated, Giant Exoplanet HAT-P-20b Using Pixel-level Decorrelation}",
      journal = {\apj},
     keywords = {eclipses, infrared: planetary systems, planetary systems, planets and satellites: atmospheres, Astrophysics - Earth and Planetary Astrophysics},
         year = 2015,
        month = jun,
       volume = {805},
       number = {2},
          eid = {132},
        pages = {132},
          doi = {10.1088/0004-637X/805/2/132},
archivePrefix = {arXiv},
       eprint = {1411.7404},
 primaryClass = {astro-ph.EP},
       adsurl = {https://ui.adsabs.harvard.edu/abs/2015ApJ...805..132D},
      adsnote = {Provided by the SAO/NASA Astrophysics Data System}
}


@ARTICLE{sysrem,
       author = {{Tamuz}, O. and {Mazeh}, T. and {Zucker}, S.},
        title = "{Correcting systematic effects in a large set of photometric light curves}",
      journal = {\mnras},
     keywords = {atmospheric effects, methods: data analysis, methods: statistical, techniques: photometric, surveys, planetary systems, Astrophysics},
         year = 2005,
        month = feb,
       volume = {356},
       number = {4},
        pages = {1466-1470},
          doi = {10.1111/j.1365-2966.2004.08585.x},
archivePrefix = {arXiv},
       eprint = {astro-ph/0502056},
 primaryClass = {astro-ph},
       adsurl = {https://ui.adsabs.harvard.edu/abs/2005MNRAS.356.1466T},
      adsnote = {Provided by the SAO/NASA Astrophysics Data System}
}

@ARTICLE{celerite,
       author = {{Foreman-Mackey}, Daniel and {Agol}, Eric and {Ambikasaran}, Sivaram and {Angus}, Ruth},
        title = "{Fast and Scalable Gaussian Process Modeling with Applications to Astronomical Time Series}",
      journal = {\aj},
     keywords = {asteroseismology, methods: data analysis, methods: statistical, planetary systems, stars: rotation, Astrophysics - Instrumentation and Methods for Astrophysics, Astrophysics - Earth and Planetary Astrophysics, Astrophysics - Solar and Stellar Astrophysics, Physics - Data Analysis, Statistics and Probability, Statistics - Applications},
         year = 2017,
        month = dec,
       volume = {154},
       number = {6},
          eid = {220},
        pages = {220},
          doi = {10.3847/1538-3881/aa9332},
archivePrefix = {arXiv},
       eprint = {1703.09710},
 primaryClass = {astro-ph.IM},
       adsurl = {https://ui.adsabs.harvard.edu/abs/2017AJ....154..220F},
      adsnote = {Provided by the SAO/NASA Astrophysics Data System}
}

@ARTICLE{protopapas,
       author = {{Protopapas}, Pavlos and {Jimenez}, Raul and {Alcock}, Charles},
        title = "{Fast identification of transits from light-curves}",
      journal = {\mnras},
     keywords = {techniques: photometric, binaries: eclipsing, planetary systems, Astrophysics},
         year = 2005,
        month = sep,
       volume = {362},
       number = {2},
        pages = {460-468},
          doi = {10.1111/j.1365-2966.2005.09305.x},
archivePrefix = {arXiv},
       eprint = {astro-ph/0502301},
 primaryClass = {astro-ph},
       adsurl = {https://ui.adsabs.harvard.edu/abs/2005MNRAS.362..460P},
      adsnote = {Provided by the SAO/NASA Astrophysics Data System}
}

@BOOK{tukey,
       author = {{Mosteller}, Frederick and {Tukey}, John W.},
        title = "{Data analysis and regression. A second course in statistics}",
         year = 1977,
       adsurl = {https://ui.adsabs.harvard.edu/abs/1977dars.book.....M},
      adsnote = {Provided by the SAO/NASA Astrophysics Data System}
}

@ARTICLE{qats,
       author = {{Carter}, Joshua A. and {Agol}, Eric},
        title = "{The Quasiperiodic Automated Transit Search Algorithm}",
      journal = {\apj},
     keywords = {methods: numerical, planetary systems, techniques: photometric, Astrophysics - Earth and Planetary Astrophysics},
         year = 2013,
        month = mar,
       volume = {765},
       number = {2},
          eid = {132},
        pages = {132},
          doi = {10.1088/0004-637X/765/2/132},
archivePrefix = {arXiv},
       eprint = {1210.5136},
 primaryClass = {astro-ph.EP},
       adsurl = {https://ui.adsabs.harvard.edu/abs/2013ApJ...765..132C},
      adsnote = {Provided by the SAO/NASA Astrophysics Data System}
}

@BOOK{exohandbook,
       author = {{Perryman}, Michael},
        title = "{The Exoplanet Handbook}",
         year = 2018,
       adsurl = {https://ui.adsabs.harvard.edu/abs/2018exha.book.....P},
      adsnote = {Provided by the SAO/NASA Astrophysics Data System}
}

@ARTICLE{seager_duration,
       author = {{Seager}, S. and {Mall{\'e}n-Ornelas}, G.},
        title = "{A Unique Solution of Planet and Star Parameters from an Extrasolar Planet Transit Light Curve}",
      journal = {\apj},
     keywords = {Stars: Binaries: Eclipsing, Stars: Planetary Systems, Techniques: Photometric, Astrophysics},
         year = 2003,
        month = mar,
       volume = {585},
       number = {2},
        pages = {1038-1055},
          doi = {10.1086/346105},
archivePrefix = {arXiv},
       eprint = {astro-ph/0206228},
 primaryClass = {astro-ph},
       adsurl = {https://ui.adsabs.harvard.edu/abs/2003ApJ...585.1038S},
      adsnote = {Provided by the SAO/NASA Astrophysics Data System}
}

@INBOOK{cox,
       author = {{Cox}, Arthur N.},
        title = "{Introduction}",
    booktitle = {Allen's Astrophysical Quantities},
         year = 2000,
       editor = {{Cox}, Arthur N.},
        pages = {1},
       adsurl = {https://ui.adsabs.harvard.edu/abs/2000asqu.book....1C},
      adsnote = {Provided by the SAO/NASA Astrophysics Data System}
}


@ARTICLE{k2sc,
       author = {{Aigrain}, S. and {Parviainen}, H. and {Pope}, B.~J.~S.},
        title = "{K2SC: flexible systematics correction and detrending of K2 light curves using Gaussian process regression}",
      journal = {\mnras},
     keywords = {methods: data analysis, planetary systems, stars: rotation, Astrophysics - Solar and Stellar Astrophysics, Astrophysics - Earth and Planetary Astrophysics, Astrophysics - Instrumentation and Methods for Astrophysics},
         year = 2016,
        month = jul,
       volume = {459},
       number = {3},
        pages = {2408-2419},
          doi = {10.1093/mnras/stw706},
archivePrefix = {arXiv},
       eprint = {1603.09167},
 primaryClass = {astro-ph.SR},
       adsurl = {https://ui.adsabs.harvard.edu/abs/2016MNRAS.459.2408A},
      adsnote = {Provided by the SAO/NASA Astrophysics Data System}
}

@article{celerite1,
   author = {{Foreman-Mackey}, D. and {Agol}, E. and {Ambikasaran}, S. and
            {Angus}, R.},
    title = "{Fast and Scalable Gaussian Process Modeling with Applications to
              Astronomical Time Series}",
  journal = {\aj},
     year = 2017,
    month = dec,
   volume = 154,
    pages = {220},
      doi = {10.3847/1538-3881/aa9332},
   adsurl = {http://adsabs.harvard.edu/abs/2017AJ....154..220F},
  adsnote = {Provided by the SAO/NASA Astrophysics Data System}
}

@article{celerite2,
   author = {{Foreman-Mackey}, D.},
    title = "{Scalable Backpropagation for Gaussian Processes using Celerite}",
  journal = {Research Notes of the American Astronomical Society},
     year = 2018,
    month = feb,
   volume = 2,
   number = 1,
    pages = {31},
      doi = {10.3847/2515-5172/aaaf6c},
   adsurl = {http://adsabs.harvard.edu/abs/2018RNAAS...2a..31F},
  adsnote = {Provided by the SAO/NASA Astrophysics Data System}
}
